@article {celije,
    author = {L. Yang and Y. Zhang and N. Mitic and D. B. Keskin and G. Zhang and L. Chitkushev and V. Brusic},
    booktitle = {2020 IEEE International Conference on Bioinformatics and Biomedicine (BIBM)},
    title = {Single-cell mRNA Profiles in PBMC},
    year = {2020},
    note = {стр. 1318-1323},
    url = {https://doi.ieeecomputersociety.org/10.1109/BIBM49941.2020.9313213},
    publisher = {IEEE Computer Society},
    address = {Los Alamitos, CA, USA}
}
@misc{understanding_umap,
    title={Understanding UMAP},
    author={Andy Coenen and Adam Pearce},
    year={2019},
    url={https://pair-code.github.io/understanding-umap/}
}
@article{scanpy,
    author={F. Alexander Wolf and Philipp Angerer and Fabian J Theis},
    title={SCANPY: Large-scale single-cell gene expression data analysis},
    journal={Genome Biology},
    year={2018}
}
@phdthesis{spektralno,
    author={М. Ирена Јовановић},
    title={Спектрално препознавање графова и мрежа},
    school={Математички факултет у Београду},
    type={Докторска дисертација},
    year={2014}
}
@article {spektralno1,
    author = {L. YANG and Y. ZHANG and N. MITIC and D. B. KESKIN and G. ZHANG and L. CHITKUSHEV and V. BRUSIC},
    booktitle = {2020 IEEE International Conference on Bioinformatics and Biomedicine (BIBM)},
    title = {Prediction of PBMC Cell Types Using scRNAseq Reference Profiles },
    year = {2020},
    note = {стр. 1324-1328},
    url = {https://doi.ieeecomputersociety.org/10.1109/BIBM49941.2020.9313410},
    publisher = {IEEE Computer Society},
    address = {Los Alamitos, CA, USA}
}
@article{transkriptomija,
    author = {Petegrosso and Raphael and Li and Zhuliu and Kuang and Rui},
    title = "{Machine learning and statistical methods for clustering single-cell RNA-sequencing data}",
    journal = {Briefings in Bioinformatics},
    volume = {21},
    number = {4},
    note = {стр. 1209-1223},
    year = {2019},
    url = {https://doi.org/10.1093/bib/bbz063},
    eprint = {https://academic.oup.com/bib/article-pdf/21/4/1209/33584388/bbz063.pdf},
}
@article{kmeans,
    author = {Kiselev and Vladimir and Andrews and Tallulah and Hemberg and Martin},
    year = {2019},
    title = {Challenges in unsupervised clustering of single-cell RNA-seq data},
    volume = {20},
    journal = {Nature Reviews Genetics}
}